{
  "leader": "03849cam a2200553 i 4500",
  "fields": [
    {
      "001": "ocm24704894\\"
    },
    {
      "003": "OCoLC"
    },
    {
      "005": "20220105165528.0"
    },
    {
      "008": "910206s1991\\\\\\\\cau\\\\\\\\\\\\b\\\\\\\\001\\0\\eng\\\\"
    },
    {
      "010": {
        "ind1": "\\",
        "ind2": "\\",
        "subfields": [
          {
            "a": "   91050123 "
          }
        ]
      }
    },
    {
      "040": {
        "ind1": "\\",
        "ind2": "\\",
        "subfields": [
          {
            "a": "DLC"
          },
          {
            "b": "eng"
          },
          {
            "e": "rda"
          },
          {
            "c": "DLC"
          },
          {
            "d": "BAKER"
          },
          {
            "d": "NLGGC"
          },
          {
            "d": "BTCTA"
          },
          {
            "d": "YDXCP"
          },
          {
            "d": "LVB"
          },
          {
            "d": "IXA"
          },
          {
            "d": "LGG"
          },
          {
            "d": "GBU"
          },
          {
            "d": "BDX"
          },
          {
            "d": "GBVCP"
          },
          {
            "d": "OCLCO"
          },
          {
            "d": "OCLCF"
          },
          {
            "d": "OCLCQ"
          },
          {
            "d": "OCLCO"
          },
          {
            "d": "OCLCQ"
          },
          {
            "d": "ALAUL"
          },
          {
            "d": "DGU"
          },
          {
            "d": "OCL"
          },
          {
            "d": "NLUKB"
          },
          {
            "d": "BDP"
          },
          {
            "d": "L2U"
          },
          {
            "d": "CZL"
          },
          {
            "d": "OCLCO"
          }
        ]
      }
    },
    {
      "019": {
        "ind1": "\\",
        "ind2": "\\",
        "subfields": [
          {
            "a": "1200989066"
          },
          {
            "a": "1201015307"
          },
          {
            "a": "1201858255"
          }
        ]
      }
    },
    {
      "020": {
        "ind1": "\\",
        "ind2": "\\",
        "subfields": [
          {
            "a": "0520074904"
          },
          {
            "q": "(hbk.)"
          }
        ]
      }
    },
    {
      "020": {
        "ind1": "\\",
        "ind2": "\\",
        "subfields": [
          {
            "a": "9780520074903"
          },
          {
            "q": "(hbk.)"
          }
        ]
      }
    },
    {
      "020": {
        "ind1": "\\",
        "ind2": "\\",
        "subfields": [
          {
            "a": "0520074912"
          },
          {
            "q": "(pbk.)"
          }
        ]
      }
    },
    {
      "020": {
        "ind1": "\\",
        "ind2": "\\",
        "subfields": [
          {
            "a": "9780520074910"
          },
          {
            "q": "(pbk.)"
          }
        ]
      }
    },
    {
      "028": {
        "ind1": "0",
        "ind2": "2",
        "subfields": [
          {
            "a": "ACQ62512 980615 {dollar}22.48 Blackwell's US!"
          }
        ]
      }
    },
    {
      "035": {
        "ind1": "\\",
        "ind2": "\\",
        "subfields": [
          {
            "a": "(OCoLC)24704894"
          },
          {
            "z": "(OCoLC)1200989066"
          },
          {
            "z": "(OCoLC)1201015307"
          },
          {
            "z": "(OCoLC)1201858255"
          }
        ]
      }
    },
    {
      "043": {
        "ind1": "\\",
        "ind2": "\\",
        "subfields": [
          {
            "a": "ma-----"
          }
        ]
      }
    },
    {
      "050": {
        "ind1": "0",
        "ind2": "0",
        "subfields": [
          {
            "a": "JC599.A65"
          },
          {
            "b": "D89 1991"
          }
        ]
      }
    },
    {
      "050": {
        "ind1": "\\",
        "ind2": "4",
        "subfields": [
          {
            "a": "JQ1850.A91"
          },
          {
            "b": "D88 1991"
          }
        ]
      }
    },
    {
      "055": {
        "ind1": "\\",
        "ind2": "4",
        "subfields": [
          {
            "a": "JC599 M5"
          },
          {
            "b": "D99"
          }
        ]
      }
    },
    {
      "082": {
        "ind1": "0",
        "ind2": "0",
        "subfields": [
          {
            "a": "323.4909174927"
          },
          {
            "b": "DWY"
          }
        ]
      }
    },
    {
      "100": {
        "ind1": "1",
        "ind2": "\\",
        "subfields": [
          {
            "a": "Dwyer, Kevin,"
          },
          {
            "d": "1941-"
          },
          {
            "e": "author."
          }
        ]
      }
    },
    {
      "245": {
        "ind1": "1",
        "ind2": "0",
        "subfields": [
          {
            "a": "Arab voices :"
          },
          {
            "b": "the human rights debate in the Middle East /"
          },
          {
            "c": "Kevin Dwyer."
          }
        ]
      }
    },
    {
      "264": {
        "ind1": "\\",
        "ind2": "1",
        "subfields": [
          {
            "a": "Berkeley :"
          },
          {
            "b": "University of California Press,"
          },
          {
            "c": "\u00a91991."
          }
        ]
      }
    },
    {
      "300": {
        "ind1": "\\",
        "ind2": "\\",
        "subfields": [
          {
            "a": "vii, 245 pages ;"
          },
          {
            "c": "22 cm."
          }
        ]
      }
    },
    {
      "336": {
        "ind1": "\\",
        "ind2": "\\",
        "subfields": [
          {
            "a": "text"
          },
          {
            "b": "txt"
          },
          {
            "2": "rdacontent"
          }
        ]
      }
    },
    {
      "337": {
        "ind1": "\\",
        "ind2": "\\",
        "subfields": [
          {
            "a": "unmediated"
          },
          {
            "b": "n"
          },
          {
            "2": "rdamedia"
          }
        ]
      }
    },
    {
      "338": {
        "ind1": "\\",
        "ind2": "\\",
        "subfields": [
          {
            "a": "volume"
          },
          {
            "b": "nc"
          },
          {
            "2": "rdacarrier"
          }
        ]
      }
    },
    {
      "490": {
        "ind1": "1",
        "ind2": "\\",
        "subfields": [
          {
            "a": "Comparative studies on Muslim societies ;"
          },
          {
            "v": "13"
          }
        ]
      }
    },
    {
      "504": {
        "ind1": "\\",
        "ind2": "\\",
        "subfields": [
          {
            "a": "Includes bibliographical references (pages 239-240) and index."
          }
        ]
      }
    },
    {
      "505": {
        "ind1": "0",
        "ind2": "\\",
        "subfields": [
          {
            "a": "1. Introduction: \"Azmatology\" ---- Part I. Egypt: identity, religion and visions of society. 2. Universal visions, local visions --- 3. Egypt since the July revolution --- 4. Egyptian voices ---- Part II. Morocco: the individual, human freedom and democracy. 5. Cultural obstacles? --- 6. Independent Morocco --- 7. Moroccan voices ---- Part III. Tunisia: organizing for human rights and the rights of women. 8. Constructing civil society --- 9. Independent Tunisia --- 10. Organizing for human rights --- 11. Organizing women ---- Part IV. Conclusion: dispute and struggle. 12. Dispute and struggle."
          }
        ]
      }
    },
    {
      "520": {
        "ind1": "\\",
        "ind2": "\\",
        "subfields": [
          {
            "a": "Although many Westerners claim human rights as a major achievement of Western civilization, Muslims argue just as sincerely that human rights are central to Islam. They argue as well that the West's rhetorical emphasis on human rights cannot hide the fact that within Western society basic human rights are violated every day. Through the use of extensive research and interview material from Egypt, Tunisia, and Morocco, Kevin Dwyer explores what human rights mean to Middle Eastern men and women - lawyers, political militants, religious thinkers, journalists, and human rights activists. The debate ranges widely from the nature of human freedom and human rights organizations to the role of religion in Arab and national identity. The reader gains a strong sense of the complexity and vitality of life in the Middle East today and of the kinds of issues that are at the center of informed discussion there. -- Publisher description."
          }
        ]
      }
    },
    {
      "650": {
        "ind1": "\\",
        "ind2": "0",
        "subfields": [
          {
            "a": "Human rights"
          },
          {
            "z": "Arab countries."
          }
        ]
      }
    },
    {
      "650": {
        "ind1": "\\",
        "ind2": "0",
        "subfields": [
          {
            "a": "International law"
          },
          {
            "z": "Arab countries."
          }
        ]
      }
    },
    {
      "650": {
        "ind1": "\\",
        "ind2": "0",
        "subfields": [
          {
            "a": "Liberty"
          },
          {
            "x": "Religious aspects"
          },
          {
            "x": "Islam."
          }
        ]
      }
    },
    {
      "650": {
        "ind1": "\\",
        "ind2": "0",
        "subfields": [
          {
            "a": "Intellectuals"
          },
          {
            "z": "Arab countries"
          },
          {
            "x": "Attitudes."
          }
        ]
      }
    },
    {
      "650": {
        "ind1": "\\",
        "ind2": "7",
        "subfields": [
          {
            "a": "International law"
          },
          {
            "2": "fast"
          },
          {
            "0": "(OCoLC)fst00976984"
          }
        ]
      }
    },
    {
      "650": {
        "ind1": "\\",
        "ind2": "7",
        "subfields": [
          {
            "a": "Human rights."
          },
          {
            "2": "fast"
          },
          {
            "0": "(OCoLC)fst00963285"
          }
        ]
      }
    },
    {
      "650": {
        "ind1": "\\",
        "ind2": "7",
        "subfields": [
          {
            "a": "Intellectuals"
          },
          {
            "x": "Attitudes."
          },
          {
            "2": "fast"
          },
          {
            "0": "(OCoLC)fst00975800"
          }
        ]
      }
    },
    {
      "650": {
        "ind1": "\\",
        "ind2": "7",
        "subfields": [
          {
            "a": "Liberty"
          },
          {
            "x": "Religious aspects"
          },
          {
            "x": "Islam."
          },
          {
            "2": "fast"
          },
          {
            "0": "(OCoLC)fst00997273"
          }
        ]
      }
    },
    {
      "651": {
        "ind1": "\\",
        "ind2": "7",
        "subfields": [
          {
            "a": "Arab countries."
          },
          {
            "2": "fast"
          },
          {
            "0": "(OCoLC)fst01240128"
          }
        ]
      }
    },
    {
      "830": {
        "ind1": "\\",
        "ind2": "0",
        "subfields": [
          {
            "a": "Comparative studies on Muslim societies ;"
          },
          {
            "v": "13."
          }
        ]
      }
    },
    {
      "856": {
        "ind1": "4",
        "ind2": "2",
        "subfields": [
          {
            "3": "Contributor biographical information"
          },
          {
            "u": "http://catdir.loc.gov/catdir/bios/ucal051/91050123.html"
          }
        ]
      }
    },
    {
      "856": {
        "ind1": "4",
        "ind2": "2",
        "subfields": [
          {
            "3": "Publisher description"
          },
          {
            "u": "http://catdir.loc.gov/catdir/description/ucal041/91050123.html"
          }
        ]
      }
    },
    {
      "994": {
        "ind1": "\\",
        "ind2": "\\",
        "subfields": [
          {
            "a": "Z0"
          },
          {
            "b": "NYRVC"
          }
        ]
      }
    },
    {
      "948": {
        "ind1": "\\",
        "ind2": "\\",
        "subfields": [
          {
            "h": "NO HOLDINGS IN NYRVC - 483 OTHER HOLDINGS"
          }
        ]
      }
    },
    {
      "999": {
        "ind1": "\\",
        "ind2": "\\",
        "subfields": [
          {
            "a": "00000000017356"
          }
        ]
      }
    }
  ]
}